<record><leader>00000cas a22000007a 4500</leader><controlfield tag="001">2269503</controlfield><controlfield tag="008">760620d18321834pauwr ne      0    0eng d</controlfield><controlfield tag="009">54</controlfield><datafield ind1=" " ind2=" " tag="010"><subfield code="a">sn 85038454 </subfield></datafield><datafield ind1=" " ind2=" " tag="040"><subfield code="a">PIT</subfield><subfield code="b">eng</subfield><subfield code="c">PIT</subfield><subfield code="d">NPY</subfield><subfield code="d">NPH</subfield><subfield code="d">DLC</subfield><subfield code="d">NPX</subfield><subfield code="d">NPH</subfield></datafield><datafield ind1="1" ind2=" " tag="029"><subfield code="a">AU@</subfield><subfield code="b">000025794402</subfield></datafield><datafield ind1=" " ind2=" " tag="042"><subfield code="a">msc</subfield></datafield><datafield ind1="0" ind2="0" tag="050"><subfield code="a">Newspaper 9375-X</subfield></datafield><datafield ind1="0" ind2=" " tag="130"><subfield code="a">Westmoreland intelligencer (Greensburg, Pa. : 1832)</subfield></datafield><datafield ind1="0" ind2="0" tag="245"><subfield code="a">Westmoreland intelligencer.</subfield></datafield><datafield ind1=" " ind2=" " tag="260"><subfield code="a">Greensburgh, Pa. :</subfield><subfield code="b">William Findley Black,</subfield><subfield code="c">1832-1934.</subfield></datafield><datafield ind1=" " ind2=" " tag="300"><subfield code="a">1 v. ;</subfield><subfield code="c">54-58 cm.</subfield></datafield><datafield ind1=" " ind2=" " tag="310"><subfield code="a">Weekly</subfield></datafield><datafield ind1="0" ind2=" " tag="362"><subfield code="a">Vol. 1, no. 1 (Feb. 3, 1832)-   ;   -v. 1, no. 2 (Aug. 15, 1834).</subfield></datafield><datafield ind1=" " ind2=" " tag="515"><subfield code="a">Publisher began new numbering in 1834.</subfield></datafield><datafield ind1=" " ind2=" " tag="752"><subfield code="a">United States</subfield><subfield code="b">Pennsylvania</subfield><subfield code="c">Westmoreland</subfield><subfield code="d">Greensburg.</subfield></datafield><datafield ind1=" " ind2=" " tag="752"><subfield code="a">United States</subfield><subfield code="b">Pennsylvania</subfield><subfield code="c">Westmoreland</subfield><subfield code="d">Greensburgh.</subfield></datafield><datafield ind1="0" ind2="0" tag="780"><subfield code="t">Greensburgh gazette (Greensburg, Pa. : 1828)</subfield><subfield code="w">(DLC)sn 86071344</subfield></datafield><datafield ind1="0" ind2="0" tag="785"><subfield code="t">Intelligencer (Greensburg, Pa.)</subfield><subfield code="w">(DLC)sn 87080334</subfield></datafield></record>